% This file was created with JabRef 2.9.2.
% Encoding: UTF8

@incollection{mahony2016modeling,
	title={Modeling and control of aerial robots},
	author={Mahony, Robert and Beard, Randal W and Kumar, Vijay},
	booktitle={Springer Handbook of Robotics},
	pages={1307--1334},
	year={2016},
	publisher={Springer International Publishing}
}


@article{floreano2015science,
	title={Science, technology and the future of small autonomous drones},
	author={Floreano, Dario and Wood, Robert J},
	journal={Nature},
	volume={521},
	number={7553},
	pages={460--466},
	year={2015},
	publisher={Nature Research}
}

@article{kushleyev2013towards,
	title={Towards a swarm of agile micro quadrotors},
	author={Kushleyev, Alex and Mellinger, Daniel and Powers, Caitlin and Kumar, Vijay},
	journal={Autonomous Robots},
	volume={35},
	number={4},
	pages={287--300},
	year={2013},
	publisher={Springer}
}


@article{Martínez2013,	
	title = {Visual Tracking, Pose Estimation, and Control for Aerial Vehicles},
	author = {Martínez Luna},
   	journal={Thesis}
}


@inproceedings{kong2015ground,
	title={A ground-based multi-sensor system for autonomous landing of a fixed wing UAV},
	author={Kong, Weiwei and Zhang, Daibing and Zhang, Jianwei},
	booktitle={2015 IEEE International Conference on Robotics and Biomimetics (ROBIO)},
	pages={1303--1310},
	year={2015},
	organization={IEEE}
}



@article{hu2016ros,
	title={ROS-based ground stereo vision detection: implementation and experiments},
	author={Hu, Tianjiang and Zhao, Boxin and Tang, Dengqing and Zhang, Daibing and Kong, Weiwei and Shen, Lincheng},
	journal={Robotics and Biomimetics},
	volume={3},
	number={1},
	pages={14},
	year={2016},
	publisher={Springer}
}


@article{kalal2012tracking,
	title={Tracking-learning-detection},
	author={Kalal, Zdenek and Mikolajczyk, Krystian and Matas, Jiri},
	journal={IEEE transactions on pattern analysis and machine intelligence},
	volume={34},
	number={7},
	pages={1409--1422},
	year={2012},
	publisher={IEEE}
}


@article{Marquez-Neila2014,
	author = {Marquez-Neila, Pablo and Baumela, Luis and Alvarez, Luis},
	doi = {10.1109/TPAMI.2013.106},
	isbn = {0162-8828},
	issn = {01628828},
	journal = {IEEE Transactions on Pattern Analysis and Machine Intelligence},
	keywords = {Computer vision,Curve evolution,Level-sets,Mathematical morphology,Morphological snakes},
	number = {1},
	pages = {2--17},
	pmid = {24231862},
	title = {{A morphological approach to curvature-based evolution of curves and surfaces}},
	volume = {36},
	year = {2014}
}



@article{tang2016ground,
	title={Ground Stereo Vision-based Navigation for Autonomous Take-off and Landing of UAVs: A Chan-Vese Model Approach},
	author={Tang, Dengqing and Hu, Tianjiang and Shen, Lincheng and Zhang, Daibing and Kong, Weiwei and Low, Kin Huat},
	journal={International Journal of Advanced Robotic Systems},
	volume={13},
	year={2016},
	publisher={InTech}
}

@article{ma2016stereo,
	  title={Stereo vision guiding for the autonomous landing of fixed-wing UAVs: a saliency-inspired approach},
	author={Ma, Zhaowei and Hu, Tianjiang and Shen, Lincheng},
	journal={International Journal of Advanced Robotic Systems},
	volume={13},
	number={2},
	pages={43},
	year={2016},
	publisher={SAGE Publications}
}



@ARTICLE{Caselles1993,
	author = {Caselles, Vicent and Catte, Francine and Coll, Tomeu and Dibos, Francoise},
	title = {A geometric model for active contours in image processing},
	journal = {Numerische Mathematik},
	year = {1993},
	volume = {66},
	pages = {1-31},
	number = {1},
	month = {Dec}
}

@ARTICLE{368173,
	author = {Malladi, R. and Sethian, J.A. and Vemuri, B.C.},
	title = {Shape modeling with front propagation: a level set approach},
	journal = {Pattern Analysis and Machine Intelligence, IEEE Transactions on},
	year = {1995},
	volume = {17},
	pages = {158-175},
	number = {2},
	doi = {10.1109/34.368173},
	issn = {0162-8828}
}

@BOOK{blake1998active,
	title = {Active contours},
	publisher = {Springer London},
	year = {1998},
	author = {Blake, Andrew and Isard, Michael and others},
	volume = {1}
}


@INPROCEEDINGS{betser2004automatic,
	author = {Betser, Amir and Vela, Patricio and Tannenbaum, Allen},
	title = {Automatic tracking of flying vehicles using geodesic snakes and Kalman
	filtering},
	booktitle = {Decision and Control, 2004. CDC. 43rd IEEE Conference on},
	year = {2004},
	volume = {2},
	pages = {1649--1654},
	organization = {IEEE}
}

@ARTICLE{sattigeri2007vision,
	author = {Sattigeri, Ramachandra J and Johnson, Eric N and Calise, Anthony
	J and Ha, Jin-Cheol},
	title = {Vision-based target tracking with adaptive target state estimator},
	year = {2007},
	publisher = {Georgia Institute of Technology}
}


@inproceedings{Wang2006,
	author = {Wang, Wei and Song, Gang and Nonami, Kenzou and Hirata, Mitsuo and Miyazawa, Osamu},
	booktitle = {Intelligent Robots and Systems (IROS), 2006 IEEE/RSJ International Conference on},
	doi = {10.1109/IROS.2006.282142},
	file = {:g$\backslash$:/iLab\_Frank/Study/04.Vision and SLAM/08.Landing/140903.32.Autonomous Control for Micro-Flying Robot and Small Wireless Helicopter X.R.B.pdf:pdf},
	isbn = {1-4244-0258-1},
	month = oct,
	pages = {2906--2911},
	publisher = {IEEE},
	title = {{Autonomous Control for Micro-Flying Robot and Small Wireless Helicopter X.R.B}},
	year = {2006}
}

@article{Nolan2010,
	author = {Nolan, Michael S.},
	edition = {5th Edition},
	isbn = {978-1435482722},
	publisher = {Cengage Learning},
	title = {{Air Traffic Control}},
	year = {2010}
}

@MISC{DLR_Landing,
	author = {DLR},
	title = {Video – autonomous landing at full speed},
	url = {http://www.dlr.de},
	year = {2015}
}


@MISC{RUAG,
	author = {RUAG},
	title = {OPATS},
	url = {https://www.ruag.com},
	year = {2015}
}

@MISC{SierraNevadaCorporation,
	author = {{Sierra Nevada}},
	title = {Dual-Thread Automatic Takeoff and Landing System},
	url = {http://www.sncorp.com},
	year = {2015}
}

@MISC{SierraNevadaCorporationa,
	author = {{Sierra Nevada}},
	title = {UCARS-V2},
	url = {http://www.sncorp.com},
	year = {2015}
}


@article{Kim2013,
	author = {Kim, H. Jin and Kim, Mingu and Lim, Hyon and Park, Chulwoo and Yoon, Seungho and Lee, Daewon and Choi, Hyunjin and Oh, Gyeongtaek and Park, Jongho and Kim, Youdan},
	doi = {10.1109/TMECH.2013.2247411},
	isbn = {1083-4435},
	issn = {10834435},
	journal = {IEEE/ASME Transactions on Mechatronics},
	keywords = {Net-recovery,unmanned aerial vehicle,vision-based landing},
	mendeley-groups = {01.UAV/1.1 Landing/1.1.5 Net Recovery,01.UAV/1.1 Landing},
	number = {4},
	pages = {1320--1333},
	title = {{Fully autonomous vision-based net-recovery landing system for a fixed-wing UAV}},
	volume = {18},
	year = {2013}
}


@inproceedings{Gautam2014,
	author = {Gautam, Alvika and Sujit, P.B. and Saripalli, Srikanth},
	booktitle = {2014 International Conference on Unmanned Aircraft Systems (ICUAS)},
	doi = {10.1109/ICUAS.2014.6842377},
	file = {:C$\backslash$:/Users/Kong/Dropbox/11.Paper 2016/151003.1.A Survey of Autonomous Landing Techniques for UAVs.pdf:pdf},
	isbn = {978-1-4799-2376-2},
	mendeley-groups = {01.UAV/1.1 Landing/1.1.0 General,07.Survey},
	month = {may},
	pages = {1210--1218},
	publisher = {IEEE},
	title = {{A survey of autonomous landing techniques for UAVs}},
	year = {2014}
}


@article{Saripalli2003,
	author = {Saripalli, Srikanth and Montgomery, J.F. and Sukhatme, G.S.},
	doi = {10.1109/TRA.2003.810239},
	isbn = {0-7803-7272-7},
	issn = {1042-296X},
	journal = {IEEE Transactions on Robotics and Automation},
	keywords = {SCI1},
	mendeley-groups = {01.UAV/1.1 Landing/1.Onboard},
	mendeley-tags = {SCI1},
	month = {jun},
	number = {3},
	pages = {371--380},
	publisher = {IEEE},
	title = {{Visually guided landing of an unmanned aerial vehicle}},
	volume = {19},
	year = {2003}
}


@inproceedings{Shakernia2002,
	author = {Shakernia, O. and Vidal, R. and Sharp, C.S. and Ma, Y. and Sastry, S.},
	booktitle = {Proceedings 2002 IEEE International Conference on Robotics and Automation},
	doi = {10.1109/ROBOT.2002.1013655},
	isbn = {0-7803-7272-7},
	mendeley-groups = {01.UAV/1.1 Landing},
	number = {May},
	pages = {2793--2798},
	publisher = {IEEE},
	title = {{Multiple view motion estimation and control for landing an unmanned aerial vehicle}},
	volume = {3},
	year = {2002}
}


@article{Vlantis2015,
	author = {Vlantis, Panagiotis and Marantos, Panos and Bechlioulis, Charalampos P. and Kyriakopoulos, Kostas J.},
	doi = {10.1109/ICRA.2015.7139490},
	isbn = {9781479969234},
	journal = {Proceedings of the International Conference on Robotics and Automation},
	mendeley-groups = {01.UAV/1.1 Landing/4.Moving,01.UAV/1.4 MPC Control},
	pages = {2202--2207},
	title = {{Quadrotor landing on an inclined platform of a moving ground vehicle}},
	year = {2015}
}


@article{Guenard2008,
	author = {Guenard, Nicolas and Hamel, Tarek and Mahony, Robert},
	doi = {10.1109/TRO.2008.916666},
	isbn = {1050-4729 VO -},
	issn = {15523098},
	journal = {IEEE Transactions on Robotics},
	keywords = {Aerial robotic vehicle,Experiments,Image-based visual servo (IBVS),Underactuated system},
	mendeley-groups = {02.Vision/2.8 Servo},
	number = {2},
	pages = {331--340},
	title = {{A practical visual servo control for an unmanned aerial vehicle}},
	volume = {24},
	year = {2008}
}




@misc{Ruffier2015,
  title={Optic flow regulation in unsteady environments: a tethered mav achieves terrain following and targeted landing over a moving platform},
author={Ruffier, Franck and Franceschini, Nicolas},
journal={Journal of Intelligent \& Robotic Systems},
volume={79},
number={2},
pages={275--293},
year={2015},
publisher={Springer}
}


@inproceedings{Green2004,	
	author = {Green, W.E. and Oh, P.Y. and Barrows, G.},
	booktitle = {IEEE International Conference on Robotics and Automation, 2004. Proceedings. ICRA '04. 2004},
	doi = {10.1109/ROBOT.2004.1307412},
	isbn = {0-7803-8232-3},
	issn = {1050-4729},
	keywords = {SCI1},
	mendeley-groups = {02.Vision/2.7 Optical Flow},
	mendeley-tags = {SCI1},
	pages = {2347--2352 Vol.3},
	publisher = {IEEE},
	title = {{Flying insect inspired vision for autonomous aerial robot maneuvers in near-earth environments}},
	volume = {3},
	year = {2004}
}

@article{Sharp2001,
	author = {Sharp, C S and Shakernia, O and Sastry, S S},
	doi = {10.1109/ROBOT.2001.932859},
	isbn = {0780364759},
	issn = {1050-4729},
	journal = {Proc IEEE Int Conf Robot Autom},
	keywords = {SCI1},
	mendeley-tags = {SCI1},
	pages = {1720--1727},
	title = {{A Vision System for Landing an Unmanned Aerial Vehicle (ICRA)}},
	year = {2001}
}


@article{Mejias2006,
	author = {Mej{\'{\i}}as, Luis and Saripalli, Srikanth and Campoy, Pascual and Sukhatme, Gaurav S.},
	doi = {10.1002/rob.20115},
	file = {:C$\backslash$:/Users/Kong/Dropbox/11.Paper 2016/160219.1.Visual Servoing of an Autonomous Helicopter in Urban Areas Feature Tracking.pdf:pdf},
	issn = {1556-4959},
	journal = {Journal of Field Robotics},
	number = {3-4},
	pages = {185--199},
	title = {{Visual servoing of an autonomous helicopter in urban areas using feature tracking}},
	volume = {23},
	year = {2006}
}


@article{richardsonautomated2013,
	title={Automated Vision‐based Recovery of a Rotary Wing Unmanned Aerial Vehicle onto a Moving Platform},
	author={Thomas S. Richardson and Chris G. Jones and Alexey Likhoded and Ed Sparks and Andrew Jordan and Ian Cowling and Simon Willcox},
	journal={Journal of Field Robotics},
	volume={30},
	number={5},
	pages={667-684},
	year={2013},
	publisher={wiley},
	doi={10.1002/rob.21467}
}

@article{garrattvisual2009,
	title={Visual Tracking and {LIDAR} Relative Positioning for Automated Launch and Recovery of an Unmanned Rotorcraft from Ships at Sea},
	author={{MATT} {Garratt} and {HEMANSHU} {POTA} and {ANDREW} {LAMBERT} and {SEBASTIEN} {ECKERSLEY‐MASLIN} and {CLEMENT} {FARABET}},
	journal={Naval Engineers Journal},
	volume={121},
	number={2},
	pages={99-9110},
	year={2009}
}


@book{stevens2003aircraft,
	title={Aircraft control and simulation},
	author={Stevens, Brian L and Lewis, Frank L},
	year={2003},
	publisher={John Wiley \& Sons}
}

@article{mclean1990automatic,
	title={Automatic flight control systems(Book)},
	author={McLean, Donald},
	journal={Englewood Cliffs, NJ, Prentice Hall, 1990, 606},
	year={1990}
}

@article{farrell1998gps,
	title={GPS/INS based lateral and longitudinal control demonstration: Final report},
	author={Farrell, Jay and Barth, Matthew and Galijan, Randy and Sinko, Jim},
	journal={California Partners for Advanced Transit and Highways (PATH)},
	year={1998}
}


@article{kumar2012opportunities,
  title={Opportunities and challenges with autonomous micro aerial vehicles},
  author={Kumar, Vijay and Michael, Nathan},
  journal={The International Journal of Robotics Research},
  volume={31},
  number={11},
  pages={1279--1291},
  year={2012},
  publisher={SAGE Publications}
}

@article{williams2004summary,
	title={A summary of unmanned aircraft accident/incident data: Human factors implications},
	author={Williams, Kevin W},
	year={2004},
	institution={DTIC Document}
}

@article{manning2004role,
	title={The role of human causal factors in US Army unmanned aerial vehicle accidents},
	author={Manning, Sharon D and Rash, Clarence E and LeDuc, Patricia A and Noback, Robert K and McKeon, Joseph},
	year={2004},
	institution={DTIC Document}
}










% ----------------------------------- %

@MISC{WGS84,
	author = {{Wikipedia}},
	title = {World geodetic system},
	url = {http://en.wikipedia.org/wiki/WGS_84}
}

@inproceedings{kong2014ground,
	title={A ground-based optical system for autonomous landing of a fixed wing UAV},
	author={Kong, Weiwei and Zhou, Dianle and Zhang, Yu and Zhang, Daibing and Wang, Xun and Zhao, Boxin and Yan, Chengping and Shen, Lincheng and Zhang, Jianwei},
	booktitle={Intelligent Robots and Systems (IROS), 2014 IEEE/RSJ International Conference on},
	pages={4797--4804},
	year={2014},
	organization={IEEE}
}

@inproceedings{kong2013autonomous,
	title={Autonomous landing of an UAV with a ground-based actuated infrared stereo vision system},
	author={Kong, Weiwei and Zhang, Daibing and Wang, Xun and Xian, Zhiwen and Zhang, Jianwei},
	booktitle={Intelligent Robots and Systems (IROS), 2013 IEEE/RSJ International Conference on},
	pages={2963--2970},
	year={2013},
	organization={IEEE}
}

@INPROCEEDINGS{OurPaperController, 
	author={Daibing Zhang and Xun Wang and Weiwei Kong }, 
	booktitle={Control Automation Robotics Vision (ICARCV), 2012 12th International Conference on}, 
	title={Autonomous control of running takeoff and landing for a fixed-wing unmanned aerial vehicle}, 
	year={2012}, 
	month={Dec}, 
	pages={990-994}, 
	keywords={autonomous aerial vehicles;mobile robots;position control;robot dynamics;Petrel UAV;autonomous control;fixed-wing UAV dynamic model;fixed-wing unmanned aerial vehicle;flight control strategy;landing control strategy;takeoff control strategy;Aerospace control;Elevators;Mathematical model;Military aircraft;Trajectory;Unmanned aerial vehicles;automatic control;fixed-wing unmanned aerial vehicle;flight experiment;running takeoff and landing}, 
	doi={10.1109/ICARCV.2012.6485292},}

@INPROCEEDINGS{OurPaperInfraredCamera, 
	author={Yu Zhang  and Lincheng Shen and Dianle Zhou and Daibing Zhang}, 
	booktitle={Control Conference (CCC), 2013 32nd Chinese}, 
	title={Calibration of large FOV thermal/visible hybrid binocular vision system}, 
	year={2013}, 
	month={July}, 
	pages={5938-5942}, 
	keywords={calibration;cameras;infrared imaging;calibration;circular constant heat reservoir;large FOV thermal-visible hybrid binocular vision system;reprojection error;thermal cameras;visible cameras;Calibration;Cameras;Educational institutions;Electronic mail;Machine vision;Mechatronics;Thermal sensors;Camera Calibration;Circular Marker;Hybrid Binocular System;Large FOV;Thermal/Visible},}

@MASTERSTHESIS{Conway1995,
	author = {Andrew R. Conway},
	title = {{Autonomous Control of an Unstable Helicopter Using Carrier Phase
	GPS Only}},
	school = {Stanford University},
	year = {1995},
	month = {March}
}

@ARTICLE{He2010,
	author = {Ruijie He and Bachrach, A. and Achtelik, M. and Geramifard, A. and
	Gurdan, D. and Prentice, S. and Stumpf, J. and Roy, N.},
	title = {On the Design and Use of a Micro Air Vehicle to Track and Avoid Adversaries},
	journal = {The International Journal of Robotics Research},
	year = {2010},
	volume = {29},
	pages = {529-546},
	number = {5},
	month = {Apr},
	doi = {10.1177/0278364909348805},
	owner = {weiweikong},
	publisher = {Sage Publications},
	timestamp = {2013.03.22}
}

@ARTICLE{Scherer2008,
	author = {Scherer, S. and Singh, S. and Chamberlain, L. and Elgersma, M.},
	title = {Flying Fast and Low Among Obstacles: Methodology and Experiments},
	journal = {The International Journal of Robotics Research},
	year = {2008},
	volume = {27},
	pages = {549-574},
	number = {5},
	month = {May},
	doi = {10.1177/0278364908090949},
	owner = {weiweikong},
	publisher = {Sage Publications},
	timestamp = {2013.03.22}
}

@MISC{TALS,
	author = {{Sierra Nevada Corporation}},
	title = {Tactical Automatic Landing System},
	owner = {weiweikong},
	timestamp = {2014.01.22},
	url = {http://www.sncorp.com/}
}

@MISC{OPATS,
	author = {{RUAG Switzerland Ltd}},
	title = {The Laser-based Automatic Landing System for UAVs},
	owner = {weiweikong},
	timestamp = {2014.01.22},
	url = {http://www.ruag.com/}
}


@inproceedings{kong2014vision,
	title={Vision-based autonomous landing system for unmanned aerial vehicle: A survey},
	author={Kong, Weiwei and Zhou, Dianle and Zhang, Daibing and Zhang, Jianwei},
	booktitle={Multisensor Fusion and Information Integration for Intelligent Systems (MFI), 2014 International Conference on},
	pages={1--8},
	year={2014},
	organization={IEEE}
}


@INPROCEEDINGS{Dickmanns1992, 
	author={Dickmanns, E.D. and Schell, F.-R.}, 
	booktitle={Applications of Computer Vision, Proceedings, 1992., IEEE Workshop on}, 
	title={Autonomous landing of airplanes by dynamic machine vision}, 
	year={1992}, 
	month={Nov}, 
	pages={172-179}, 	
	doi={10.1109/ACV.1992.240314}
}


@inproceedings{Martinez2009a,
	author = {Martinez, Carol and Campoy, Pascual and Mondragon, Ivan and Olivares-Mendez, Miguel A.},
	booktitle = {International Conference on Intelligent Robots and Systems},
	doi = {10.1109/IROS.2009.5354489},
	isbn = {978-1-4244-3803-7},
	month = oct,
	pages = {3361--3367},
	publisher = {IEEE},
	title = {{Trinocular ground system to control UAVs}},
	year = {2009}
}

@inproceedings{Wang2006,
	author = {Wang, Wei and Song, Gang and Nonami, Kenzou and Hirata, Mitsuo and Miyazawa, Osamu},
	booktitle = {Intelligent Robots and Systems(IROS), 2006 IEEE/RSJ International Conference on},
	doi = {10.1109/IROS.2006.282142},
	file = {:g$\backslash$:/iLab\_Frank/Study/04.Vision and SLAM/08.Landing/140903.32.Autonomous Control for Micro-Flying Robot and Small Wireless Helicopter X.R.B.pdf:pdf},
	isbn = {1-4244-0258-1},
	month = oct,
	pages = {2906--2911},
	publisher = {IEEE},
	title = {{Autonomous Control for Micro-Flying Robot and Small Wireless Helicopter X.R.B}},
	year = {2006}
}

@article{pebrianti2010autonomous,
	title={Autonomous hovering and landing of a quad-rotor micro aerial vehicle by means of on ground stereo vision system},
	author={Pebrianti, Dwi and Kendoul, Farid and Azrad, Syaril and Wang, Wei and Nonami, Kenzo},
	journal={Journal of System Design and Dynamics},
	volume={4},
	number={2},
	pages={269--284},
	year={2010}
}

@MISC{IFLY,
	author = {{Beijing Universal Pioneering Technology Co., Ltd}},
	title = {iFLYUAS},
	owner = {weiweikong},
	timestamp = {2013.03.22},
	url = {http://www.iflyuas.com/}
}


@MISC{UWB,
	author = {{Time Domain}},
	title = {PulsON 410},
	url = {http://www.timedomain.com/p400.php}
}

@article{canny1986computational,
	title={A computational approach to edge detection},
	author={Canny, John},
	journal={Pattern Analysis and Machine Intelligence, IEEE Transactions on},
	number={6},
	pages={679--698},
	year={1986},
	publisher={IEEE}
}

@article{duda1972use,
	title={Use of the Hough transformation to detect lines and curves in pictures},
	author={Duda, Richard O and Hart, Peter E},
	journal={Communications of the ACM},
	volume={15},
	number={1},
	pages={11--15},
	year={1972},
	publisher={ACM}
}
@comment{jabref-meta: groupsversion:3;}

@comment{jabref-meta: groupstree:
0 AllEntriesGroup:;
1 ExplicitGroup:Vision\;1\;Li2005\;Li2010\;Xu2000\;;
2 ExplicitGroup:Active Contour\;1\;546010\;Li2005\;Li2010\;Xu2000\;;
1 ExplicitGroup:IROS\;1\;538972\;546010\;Shakernia1999\;;
2 ExplicitGroup:2012\;1\;;
3 ExplicitGroup:Best Paper\;1\;Aydemir2012\;;
2 ExplicitGroup:2013\;1\;538972\;546010\;Abbeel2010\;Martinez2009\;Mar
tnez2011a\;PEBRIANTI2010\;Shakernia1999\;Wang2006\;;
3 ExplicitGroup:My Paper\;1\;538972\;546010\;Abbeel2010\;Altug2005\;Ay
demir2012\;Martinez2009\;Martnez2011a\;PEBRIANTI2010\;Shakernia1999\;W
ang2006\;;
1 ExplicitGroup:UAV\;1\;1331783\;Abbeel2010\;Altug2005\;Amidi1999\;Bou
abdallah2005\;Kendoul2012\;MATSUE2005\;Martinez2009\;PEBRIANTI2010\;Ro
berts2003\;Saripalli2003\;Saripalli2003a\;Scherer2012\;Wang2006\;Wenze
l2010\;Yakimenko2002\;;
2 ExplicitGroup:Landing\;1\;1250728\;1331783\;538972\;Abbeel2010\;Altu
g2005\;Amidi1999\;Bachrach2012\;Bouabdallah2005\;Kendoul2012\;Lange201
2\;MATSUE2005\;Martinez2009\;PEBRIANTI2010\;Roberts2003\;Saripalli2003
\;Saripalli2003a\;Scherer2012\;Vasconcelos2010\;Wang2006\;Weiss2011\;W
enzel2010\;Wu2010\;Wu2013\;Yakimenko2002\;bosse1997vision\;engel2012ca
mera\;madison2008vision\;;
}

